@Article{RobinRowe2001,
title   = {DreamWorks Feature Linux and Animation},
author  = {Robin Rowe},
journal = {http://www.linuxjournal.com/article/4803},
year   = {2001},
}

@Article{wiki,
title   = {CineFx Cinefx : Jahshaka Reinvented},
author  = {The Cinefx Project},
journal = {http://www.cinefx.org/2009/02/cinefx-jahshaka-reinvented/},
year   = {2009},
}

@Article{OpenshotMoveToMlt,
title   = {MLT vs Gnonlin - Let's get it on! },
author  = {Jonathan Thomas},
journal = {http://www.openshotvideo.com/2009/03/mlt-vs-gnonlin-lets-get-it-on.html},
year   = {2009},
}

@Article{PresentationOfGes,
title   = {The result of the past few months of hacking},
author  = {Edward Hervey},
journal = {http://blogs.gnome.org/edwardrv/2009/11/30/the-result-of-the-past-few-months-of-hacking/},
year   = {2009},
}

@Article{ProfessionalVideoEditingWithCinelerra,
title   = {Professional Video Editing on Linux with Cinelerra},
author  = {Howard Wen},
journal = {http://linuxdevcenter.com/pub/a/linux/2003/12/30/cinelerra.html},
year   = {2003},
}

@book{TheTechniqueOfFilmAndVideoEditing,
title   = {The technique of film and video editing, History, Theory, and Practice},
author  = {Ken Dancyger},
year   = {2007},
}

@book{TheLightworksOpenSourceProjectStartHere,
title   = {The lightworks open source project starts here},
author  = {Lightworks},
year   = {2010},
}
